

@inproceedings{Reynolds1987,
  title={Flocks, herds and schools: A distributed behavioral model},
  author={Reynolds, Craig W},
  booktitle={Proceedings of the 14th annual conference on Computer graphics and interactive techniques},
  pages={25--34},
  year={1987}
}

%%%%%

@article{Mouret2012,
  title={Uncovering Phenotype-fitness maps using MOLE},
  author={Mouret, J.B. and Clune, J.},
  journal={connections},
  volume={5},
  pages={10},
  year={2012}
}

@ARTICLE{deb2000,
  author = {Deb, K. and Agrawal, S. and Pratap, A. and Meyarivan, T.},
  title = {A fast elitist non-dominated sorting genetic algorithm for multi-objective
	optimization: NSGA-II},
  journal = {Lecture notes in computer science},
  year = {2000},
  volume = {1917},
  pages = {849--858},
  publisher = {Springer}
}


@book{Kleijnen2007,
  title={Design and analysis of simulation experiments},
  author={Kleijnen, J.P.C.},
  year={2007},
  publisher={Springer Publishing Company, Incorporated}
}

@book{Saltelli2000,
  title={Sensitivity analysis},
  author={Saltelli, A. and Chan, K. and Scott, E.M. and others},
  volume={134},
  year={2000},
  publisher={Wiley New York}
}

@PhdThesis{Stonedahl2011,
author = {Forrest J. Stonedahl},
title = {Genetic Algorithms for the Exploration of Parameter Spaces in Agent-Based Models},
school = {Northwestern University of Illinois},
year = {2011}
}

@book{Miner2010,
  title={A Framework for Predicting and Controlling System-level Properties of Agent-based Models},
  author={Miner, D.P.},
  url={http://books.google.fr/books?id=1qU0twAACAAJ},
  year={2010},
  publisher={University of Maryland, Baltimore County}
}

@article{Reuillon2013,
  title={OpenMOLE, a workflow engine specifically tailored for the distributed exploration of simulation models},
  author={Reuillon,R and Leclaire, M. and Rey, S.},
  journal={Future Generation Computer Systems},
  volume={29},
  issue={8},
  pages={1981-1990},
  year={2013}
}


@article{schmitt2014,
  title={Half a billion simulations: Evolutionary algorithms and distributed computing for calibrating the SimpopLocal geographical model},
  author={Schmitt, C. and Reuillon, R. and Rey Coyrehourcq, S. and Pumain, D.},
  journal={Environnent and planning B},
  year={2014}
}

@BOOK{archaeomedes1998,
  title = {Archaeomedes : Des oppida aux métropoles},
  publisher = {Anthropos},
  year = {1998},
  author = {Durand-Dastès, F. and Favory, F. and Fiches, J.-L. and Mathian, H.
    and Pumain, D. and Raynaud, C. and Sanders, L. and Van der Leeuw,
    S.},
  address = {Paris}
}

@ARTICLE{berry1964,
  author = {Berry, B.J.L.},
  title = {Cities as systems within systems of cities},
  journal = {Papers in Regional Science},
  year = {1964},
  volume = {13},
  pages = {147--163},
  number = {1}
}


@ARTICLE{fletcher1986,
  author = {Fletcher, R.},
  title = {Settlement Archaeology: World-Wide Comparisons},
  journal = {World Archaeology},
  year = {1986},
  volume = {18},
  pages = {59--83},
  number = {1}
}


@ARTICLE{liu1996,
  author = {Liu, L.},
  title = {Settlement patterns, chiefdom variability, and the development of early states in North China},
  journal = {Journal of anthropological archaeology},
  year = {1996},
  volume = {15},
  pages = {237--288},
  number = {3}
}


@book{robson1973,
  title = {Urban growth: An approach},
  author = {Robson, B.T.},
  year = {1973},
  address = {London},
  edition = {Methuen}
}

@ARTICLE{favaro2011,
  author = {Favaro, J.-M. and Pumain, D.},
  title = {Gibrat revisited: An urban growth model incorporating spatial interaction
    and innovation cycles},
  journal = {Geographical Analysis},
  year = {2011},
  volume = {43},
  pages = {261--286},
  number = {3},
  publisher = {Wiley Online Library}
}


@ARTICLE{gibrat1931,
  author = {Gibrat, R.},
  title = {Les inégalités économiques},
  journal = {Librairie du Recueil Sirey, Paris},
  year = {1931}
}


@ARTICLE{simon1955,
  author = {Simon, H.A.},
  title = {On a class of skew distribution functions},
  journal = {Biometrika},
  year = {1955},
  volume = {42},
  pages = {425--440},
  number = {3/4},
  publisher = {JSTOR}
}

@ARTICLE{pumain2009c,
  author = {Pumain, D.},
  title = {The evolution of city systems, between history and dynamics},
  journal = {International Journal of Environmental Creation},
  year = {2009},
  volume = {12},
  number = {1}
}


@ARTICLE{pumain1997b,
  author = {Pumain, D.},
  title = {Pour une théorie évolutive des villes},
  journal = {Espace géographique},
  year = {1997},
  volume = {26},
  pages = {119--134},
  number = {2},
  publisher = {Belin}
}

@ARTICLE{bretagnolle2006,
  author = {Bretagnolle, A. and Daudet, E. and Pumain, D.},
  title = {From theory to modelling : urban systems as complex systems},
  journal = {Cybergeo},
  year = {2006},
  pages = {1--17},
  number = {335}
}

@article{bretagnolle2010,
  title={Simulating Urban Networks through Multiscalar Space-Time Dynamics: Europe and the United States, 17th-20th Centuries},
  author={Bretagnolle, A. and Pumain, D.},
  journal={Urban Studies},
  volume={47},
  number={13},
  pages={2819--2839},
  year={2010}
}

@ARTICLE{pumain2013,
  author = {Pumain, D. and Sanders, L.},
  title = {Theoretical principles in inter-urban simulation models: a comparison},
  journal = {Environment and Planning A},
  year = {2013},
  volume = {45},
  pages = {2243 - 2260}
}

@ARTICLE{bura1996,
  author = {Bura, S. and Guerin-Pace, F. and Mathian, H. and Pumain, D. and Sanders,
    L.},
  title = {Multiagent systems and the dynamics of a settlement system},
  journal = {Geographical Analysis},
  year = {1996},
  volume = {28},
  pages = {161--178},
  number = {2}
}

@ARTICLE{sanders1997,
  author = {Sanders, L. and Pumain, D. and Mathian, H. and Guerin-Pace, F. and
    Bura, S.},
  title = {SIMPOP: a multiagent system for the study of urbanism},
  journal = {Environment and Planning B},
  year = {1997},
  volume = {24},
  pages = {287--306}
}

@ARTICLE{verhulst1845,
  author = {Verhulst, P.F.},
  title = {Recherches mathématiques sur la loi d'accroissement de la population},
  journal = {Nouveaux Mémoires de l'Academie Royale des Sciences et Belles-Lettres
    de Bruxelles},
  year = {1845},
  pages = {1--41},
  number = {18}
}

@BOOK{turchin2003,
  title = {Historical Dynamics: Why States Rise and Fall},
  publisher = {Princeton University Press},
  year = {2003},
  author = {Turchin, P.}
}

@BOOK{arthur2009,
  title = {The Nature of Technology: What It Is and How It Evolves},
  publisher = {Allen Lane},
  year = {2009},
  author = {Arthur, B.},
  address = {London}
}


@BOOK{diamond1997,
  title = {Guns, Germs, and Steel: The Fates of Human Societies},
  publisher = {W. W. Norton \& Company},
  year = {1997},
  author = {Diamond, J.},
  shorttitle = {Guns, Germs, and Steel}
}


@BOOK{lane2009,
  title = {Complexity Perspectives in Innovation and Social Change},
  publisher = {Springer},
  year = {2009},
  author = {Lane, D. and van der Leeuw, S. and Pumain, D. and West, G.},
  number = {7},
  series = {Methodos Series},
  edition = {1}
}

@article{wilson1971,
  title={A family of spatial interaction models, and associated developments},
  author={Wilson, A.},
  journal={Environment and Planning},
  volume={3},
  number={1},
  pages={1--32},
  year={1971}
}


@misc{Lenormand2012,
    archivePrefix = {arXiv},
    author = {Lenormand, Maxime and Jabot, Franck and Deffuant, Guillaume},
    citeulike-article-id = {10004062},
    citeulike-linkout-0 = {http://arxiv.org/abs/1111.1308},
    citeulike-linkout-1 = {http://arxiv.org/pdf/1111.1308},
    day = {31},
    eprint = {1111.1308},
    keywords = {abc, bayes, indirect, inference, smc, stochasticity},
    month = jul,
    posted-at = {2011-11-08 17:55:10},
    priority = {2},
    title = {{Adaptive approximate Bayesian computation for complex models}},
    url = {http://arxiv.org/abs/1111.1308},
    year = {2012}
}

@article{Deb1994,
  title={Simulated binary crossover for continuous search space},
  author={Deb, Kalyanmoy and Agrawal, Ram Bhushan},
  journal={Complex Systems},
  volume={9},
  pages={1--34},
  year={1994},
  publisher={Citeseer}
}


@inproceedings{Hinterding1995,
  title={Gaussian mutation and self-adaption for numeric genetic algorithms},
  author={Hinterding, Robert},
  booktitle={Evolutionary Computation, 1995., IEEE International Conference on},
  volume={1},
  pages={384},
  year={1995},
  organization={IEEE}
}

@article{Mouret2012b,
  title={Encouraging behavioral diversity in evolutionary robotics: An empirical study},
  author={Mouret, J-B and Doncieux, St{\'e}phane},
  journal={Evolutionary computation},
  volume={20},
  number={1},
  pages={91--133},
  year={2012},
  publisher={MIT Press}
}

@article{Toffolo2003,
  title={Genetic diversity as an objective in multi-objective evolutionary algorithms},
  author={Toffolo, Andrea and Benini, Ernesto},
  journal={Evolutionary Computation},
  volume={11},
  number={2},
  pages={151--167},
  year={2003},
  publisher={MIT Press}
}


@article{Goldberg1992,
  title={Massive multimodality, deception, and genetic algorithms},
  author={Goldberg, David E and Deb, Kalyanmoy and rey Horn, Je},
  journal={Urbana},
  volume={51},
  pages={61801},
  year={1992}
}

@article{Mahfoud1995,
  title={Niching methods for genetic algorithms},
  author={Mahfoud, Samir W},
  journal={Urbana},
  volume={51},
  number={95001},
  year={1995},
  publisher={Citeseer}
}


@article{Clune2013,
  title={The evolutionary origins of modularity},
  author={Clune, Jeff and Mouret, Jean-Baptiste and Lipson, Hod},
  journal={Proceedings of the Royal Society b: Biological sciences},
  volume={280},
  number={1755},
  pages={20122863},
  year={2013},
  publisher={The Royal Society}
}



@article{Beaumont2010,
    author = {Beaumont, Mark A.},
    citeulike-article-id = {6496865},
    citeulike-linkout-0 = {http://www.annualreviews.org/doi/abs/10.1146/annurev-ecolsys-102209-144621},
    citeulike-linkout-1 = {http://dx.doi.org/10.1146/annurev-ecolsys-102209-144621},
    doi = {10.1146/annurev-ecolsys-102209-144621},
    journal = {Annual Review of Ecology, Evolution, and Systematics},
    keywords = {bayesian\_computation, ecology, evolution},
    number = {1},
    pages = {379--406},
    posted-at = {2010-01-07 01:37:34},
    priority = {4},
    title = {Approximate Bayesian Computation in Evolution and Ecology},
    url = {http://dx.doi.org/10.1146/annurev-ecolsys-102209-144621},
    volume = {41},
    year = {2010}
}


@book{pawitan2001all,
  title={In all likelihood: statistical modelling and inference using likelihood},
  author={Pawitan, Yudi},
  year={2001},
  publisher={Oxford University Press}
}
